@Article{Auth09,
  author       = {First Author and S. Writer and Scientist, Third},
  title	       = {Any title for the article, authors to be separated
                  by 'and'},
  journal      = {New Journal of Biliography},
  year	       = 2009,
  volume       = 21,
  number       = 2,
  doi          = {10.1016/S0006-3495(95)80361-9},
  pages	       = {10-28}
}

@Book{Mono08,
  author       = {Novel Author and Interesting Writer},
  title	       = {Experiences with Book Writing},
  publisher    = {Random Mouse},
  year	       = 2008,
  address      = {Mumbai},
  edition      = 3,
  doi          = {10.1021/ja2076873},

}


